@incollection{akay2013recent,
  title={Recent advances in evolutionary algorithms for job shop scheduling},
  author={Akay, Bahriye and Yao, Xin},
  booktitle={Automated Scheduling and Planning},
  pages={191--224},
  year={2013},
  publisher={Springer}
}

@book{applegate2006traveling,
  title={The traveling salesman problem: a computational study},
  author={Applegate, David L and Bixby, Robert E and Chvatal, Vasek and Cook, William J},
  year={2006},
  publisher={Princeton university press}
}

@article{bean1994genetic,
  author={Bean, James C},
  title={Genetic algorithms and random keys for sequencing and optimization},  
  journal={Operations Research Society of America (ORSA) Journal on Computing},
  year=1994,
  volume=6,
  number=2,
  pages={154--160},
  publisher={INFORMS}
}

@misc{Bechberger2020,
  author = {Bechberger, Valeriya},
  title = {Genetic algorithms for the TSP, GitHub repository},
  year = {2020},
  publisher = "GitLab",
  journal = "GitLab repository",
  howpublished = {\url{https://gitko.informatik.uni-osnabrueck.de/vsakharova/bachelor-thesis}},
  commit = {019999c5f52af84cc96fdd9e480f2b879f5bbc3c}
}

@inproceedings{beed2017study,
  title={A Study of the Genetic Algorithm Parameters for Solving Multi-objective Travelling Salesman Problem},
  author={Beed, Romit S and Sarkar, Sunita and Roy, Arindam and Chatterjee, Shubham},
  booktitle={Proc. of 2017 International Conference on Information Technology (ICIT)},
  pages={23--29},
  year={2017}
}

@article{bellman1962dynamic,
  title={Dynamic programming treatment of the travelling salesman problem},
  author={Bellman, Richard},
  journal={Journal of the Association for Computing Machinery (JACM)},
  volume={9},
  number={1},
  pages={61--63},
  year={1962},
  publisher={ACM New York, NY, USA}
}

@article{chen2015measuring,
  title={Measuring the curse of dimensionality and its effects on particle swarm optimization and differential evolution},
  author={Chen, Stephen and Montgomery, James and Boluf{\'e}-R{\"o}hler, Antonio},
  journal={Applied Intelligence},
  volume={42},
  number={3},
  pages={514--526},
  year={2015},
  publisher={Springer}
}

@inproceedings{davis1985applying,
  title={Applying adaptive algorithms to epistatic domains.},
  author={Davis, Lawrence},
  booktitle={Proc. of 9th International Conference on Artificial Intelligence (IJCAI)},
  pages={162--164},
  year={1985},
}

@article{gendreau2005metaheuristics,
  title={Metaheuristics in combinatorial optimization},
  author={Gendreau, Michel and Potvin, Jean-Yves},
  journal={Annals of Operations Research},
  volume={140},
  number={1},
  pages={189--213},
  year={2005},
  publisher={Springer}
}

@incollection{goldberg1991comparative,
  title={A comparative analysis of selection schemes used in genetic algorithms},
  author={Goldberg, David E and Deb, Kalyanmoy},
  booktitle={Foundations of Genetic Algorithms},
  volume={1},
  pages={69--93},
  year={1991},
  publisher={Elsevier}
}

@inproceedings{grefenstette1985genetic,
  title={Genetic algorithms for the traveling salesman problem},
  author={Grefenstette, J. and Gopal, R. and Rosmaita, B.J. and Gucht, D.V.},
  booktitle={Proc. of 1st International Conference on Genetic Algorithms (ICGA)},
  pages={160--168},
  year={1985}
}

@article{holland1975adaptation,
  title={Adaptation in natural and artificial systems: An introductory analysis with applications to biology, control, and artificial intelligence},
  author={Holland, J. H.},
  journal={The University of Michigan Press, Ann Arbor},
  year={1975}
}

@book{hoos2004stochastic,
  title={Stochastic Local Search: Foundations and Applications},
  author={Hoos, Holger H. and St{\"u}tzle, Thomas},
  year={2004},
  publisher={Elsevier}
}


@misc{knust2020script,
  title={Lecture notes for Introduction to Combinatorial Optimization},
  author={Knust, Sigrid},
  publisher={Osnabr√ºck University},
  year={2020}
}

@article{laporte1992traveling,
  title={The traveling salesman problem: An overview of exact and approximate algorithms},
  author={Laporte, Gilbert},
  journal={European Journal of Operational Research (EJOR)},
  volume={59},
  number={2},
  pages={231--247},
  year={1992},
  publisher={North-Holland}
}

@article{larranaga1999genetic,
  title={Genetic algorithms for the travelling salesman problem: A review of representations and operators},
  author={Larranaga, Pedro and Kuijpers, Cindy M. H. and Murga, Roberto H. and Inza, Inaki and Dizdarevic, Sejla},
  journal={Artificial Intelligence Review},
  volume={13},
  number={2},
  pages={129--170},
  year={1999},
  publisher={Springer}
}

@misc{TSPLIB,
  title = {Library of Traveling Salesman problem instances},
  year = 1995,
  organization={Zuse Institute Berlin (ZIB)},
  howpublished = {\url{http://elib.zib.de/pub/mp-testdata/tsp/tsplib/tsp/index.html}},
  urldate = {2020-05-02}
}


@inproceedings{liepins1987greedy,
  title={Greedy genetics},
  author={Liepins, G. E. and Hilliard, M. R. and Palmer, M. and Morrow, M.},
  booktitle={Proc. of 2nd International Conference on Genetic Algorithms (ICGA)},
  pages={90--99},
  year={1987}
}

@incollection{liepins1990genetic,
  title={Genetic algorithms applications to set covering and traveling salesman problems},
  author={Liepins, G. E. and Hilliard, M. R. and Richardson, J. and Palmer, M.},
  booktitle={Operations research and Artificial Intelligence: The integration of problem-solving strategies},
  pages={29--57},
  year={1990},
  publisher={Springer}
}

@inproceedings{oliver1987study,
  title={Study of permutation crossover operators on the traveling salesman problem},
  author={Oliver, I. M. and Smith, D. J. and Holland, J. R. C.},
  booktitle={Proc. of 2nd International Conference on Genetic Algorithms (ICGA)},
  pages={224--230},
  year={1987}
}


@article{potvin1996genetic,
  title={Genetic algorithms for the traveling salesman problem},
  author={Potvin, Jean-Yves},
  journal={Annals of Operations Research},
  volume={63},
  number={3},
  pages={337--370},
  year={1996},
  publisher={Springer}
}


@inproceedings{razali2011genetic,
  title={Genetic algorithm performance with different selection strategies in solving TSP},
  author={Razali, Noraini Mohd and Geraghty, John},
  booktitle={Proc. of International Conference of Computational Intelligence and Intelligent Systems (ICCIIS)},
  pages={1--6},
  year={2011}
}

@article{rexhepi2013analysis,
  title={Analysis of the impact of parameters values on the Genetic Algorithm for TSP},
  author={Rexhepi, Avni and Maxhuni, Adnan and Dika, Agni},
  journal={International Journal of Computer Science Issues (IJCSI)},
  volume={10},
  number={1},
  pages={158--164},
  year={2013},
  publisher={International Journal of Computer Science Issues (IJCSI)}
}


@inproceedings{safe2004stopping,
  title={On stopping criteria for genetic algorithms},
  author={Safe, Mart{\'\i}n and Carballido, Jessica and Ponzoni, Ignacio and Brignole, N{\'e}lida},
  booktitle={Proc. of 17th Brazilian Symposium on Artificial Intelligence (SBIA)},
  pages={405--413},
  year={2004},
  organization={Springer}
}

@article{sharma2014analysis,
  title={Analysis of selection schemes for solving an optimization problem in genetic algorithm},
  author={Sharma, Poonam and Wadhwa, Amit},
  journal={International Journal of Computer Applications (IJCA)},
  volume={93},
  number={11},
  year={2014},
  publisher={Foundation of Computer Science}
}


@article{snyder2006random,
  title={A random-key genetic algorithm for the generalized traveling salesman problem},
  author={Snyder, Lawrence V and Daskin, Mark S},
  journal={European Journal of Operational Research (EJOR)},
  volume={174},
  number={1},
  pages={38--53},
  year={2006},
  publisher={Elsevier}
}

@inproceedings{starkweather1991comparison,
  title={A Comparison of Genetic Sequencing Operators},
  author={Starkweather, Timothy and McDaniel, S. and Mathias, K. E. and Whitley, L Darrell and Whitley, C.},
  booktitle={Proc. of 4th International Conference on Genetic Algorithms (ICGA)},
  pages={69--76},
  year={1991}
}

@inproceedings{suh1987incorporating,
  title={Incorporating Heuristic Information into Genetic Search},
  author={Suh, J. Y. and Van Gucht, D.},
  booktitle={Proc. of 2nd International Conference on Genetic Algorithms (ICGA)},
  pages={100--106},
  year={1987}
}

@inproceedings{whitley1989scheduling,
  title={Scheduling problems and traveling salesmen: The genetic edge recombination operator},
  author={Whitley, L. Darrell and Starkweather, Timothy and Fuquay, D'Ann},
  booktitle={Proc. of 3rd International Conference on Genetic Algorithms (ICGA)},
  pages={133--40},
  year={1989}
}

@article{zhang2010effects,
  title={Effects of population size on the performance of genetic algorithms and the role of crossover},
  author={Zhang, Y. and Ma, Q. and Sakamoto, M. and Furutani, H.},
  journal={Artificial Life and Robotics},
  volume={15},
  number={2},
  pages={239--243},
  year={2010},
  publisher={Springer}
}

